@Article{template-reference,
    author      =   "Author 1 and author 2",
    title       =   "{Reference name}",
    journal     =   "Journal name",
    year        =   "2004",
}

@InProceedings{carroll03,
    author      =   "J.J. Carroll",
    title       =   "{Signing RDF Graphs}",
    booktitle   =   "Proc. of the 2nd Int'l Semantic Web Conf.",
    year        =   "2003",
    editor      =   "G. Goos, J. Hartmanis, and J. van Leeuwen",
    month       =   "September",
    publisher   =   "Springer Verlag",
}
